@article{elhissoufi2024leveraging,
  title={Leveraging Generative Large Language Models for Optimizing Sales Arguments Creation: An Evaluation of GPT-4 Capabilities},
  author={Elhissoufi, Mustapha and Nfaoui, El Habib and Alla, Lhoussaine and Elghalfiki, Jawad},
  journal={International Journal of Intelligent Engineering and Systems},
  volume={17},
  number={5},
  pages={783--800},
  year={2024},
  doi={10.22266/ijies2024.1031.59}
}

@article{rodriguez2020digitalization,
  title={Digitalization process of complex B2B sales processes--Enablers and obstacles},
  author={Rodr{\'\i}guez, R. and Svensson, G. and Mehl, E. J.},
  journal={Technology in Society},
  volume={62},
  pages={101324},
  year={2020}
}

@article{forsell2024competitive,
  title={Competitive Advantage in B2B Marketing and Sales Through Generative AI},
  author={Forsell, Matilda},
  journal={Master's Thesis, Uppsala University Department of Informatics and Media},
  year={2024}
}

@article{agnihotri2012bringing,
  title={Bringing "social" into sales: The impact of salespeople's social media use on service behaviors and value creation},
  author={Agnihotri, R. and Kothandaraman, P. and Kashyap, R. and Singh, R.},
  journal={Journal of Personal Selling \& Sales Management},
  volume={32},
  number={3},
  pages={333--348},
  year={2012}
}

@article{morgan1994commitment,
  title={The commitment-trust theory of relationship marketing},
  author={Morgan, R. M. and Hunt, S. D.},
  journal={Journal of marketing},
  volume={58},
  number={3},
  pages={20--38},
  year={1994}
}

@article{kotler2016marketing,
  title={Marketing Management},
  author={Kotler, P. and Keller, K. L.},
  publisher={Global Edition},
  edition={15},
  year={2016}
}

@article{futrell2011fundamentals,
  title={Fundamentals of selling: Customers for life through service},
  author={Futrell, C. M.},
  publisher={McGraw-Hill/Irwin},
  edition={12},
  year={2011}
}

@article{paschen2020collaborative,
  title={Collaborative intelligence: How human and artificial intelligence create value along the B2B sales funnel},
  author={Paschen, J. and Wilson, M. and Ferreira, J. J.},
  journal={Business Horizons},
  volume={63},
  number={3},
  pages={403--414},
  year={2020}
}

@article{deveau2023ai,
  title={AI-powered marketing and sales reach new heights with generative AI},
  author={Deveau, R. and Griffin, S. J. and Reis, S.},
  journal={McKinsey \& Company},
  year={2023}
}

@article{kemp2023competitive,
  title={Competitive advantages through artificial intelligence: Toward a theory of situated AI},
  author={Kemp, A.},
  journal={Academy of Management Review},
  year={2023}
}